@book{Abalsamo2013,
author = {Ricardo Abálsamo},
title = {Activados 3},
date = {2013},
edition = {1},
publisher = {Puerto de Palos},
location = {Buenos Aires, Argentina}
}

@book{Armenta2009,
author = {Mario Armenta and Luis Cadena and Federico Cruz and Juan Figueroa and Saúl Ibarra and Nancy Martinez and Marco Valencia},
title = {{Álgebra}},
date = {2009},
edition = {1},
publisher = {Cecytes},
location = {Sonora, México}
}

@book{Buritica2010,
author = {Bernardo Buriticá},
title = {{Álgebra} y Trigonometría},
date = {2010},
edition = {3},
publisher = {Universidad de Antioquia},
location = {Antioquia, Colombia}
}

@book{Duenas2008,
author = {William Dueñas and Andrés Garavito and Gerardo Lara},
title = {Aciertos Matemáticos 8},
date = {2008},
edition = {1},
publisher = {Grupo Editorial Educar},
location = {Bogotá, Colombia}
}

@book{Fernandez2016,
author = {Andres Fernández and Carlos Huertas},
title = {Álgebra},
date = {2016},
edition = {1},
publisher = {Lumbreras Editores},
location = {Lima, Perú}
}

@book{Garza2015,
author = {Beatriz Garza},
title = {Geometría y Trigonometría},
date = {2015},
edition = {2},
publisher = {Pearson Educación},
location = {México D.F., México}
}

@url{Gray2011,
author = {Bernardo Gray},
title = {Trigonometry and the Global Positioning System},
date = {2011},
url = {http://www.barrygraygillingham.com/Tutoring/Trig.html},
}

@book{ICER2016,
author = {ICER},
title = {Matemática},
date = {2016},
edition = {1},
publisher = {Mep-ICER},
location = {San José, Costa Rica}
}

@url{Papiewski2016,
author = {John Papiewski},
title = {Trigonometry involved in GPS},
date = {2016},
url = {https://itstillworks.com/accurate-mph-speed-gps-2016.html},
}

@book{Ramirez2015,
author = {Mauricio Ramírez},
title = {Pendulum Noveno: develando la realidad},
date = {2015},
edition = {1},
publisher = {Siwo Editorial},
location = {San José, Costa Rica}
}

@book{Vilca2016,
author = {Yamil Vilca and Ricardo Mamami},
title = {Álgebra Esencial},
date = {2016},
edition = {1},
publisher = {Lumbreras Editores},
location = {Lima, Perú}
}
